<?xml version="1.0" encoding="UTF-8"?><record xmlns="http://www.loc.gov/MARC21/slim" xmlns:cinclude="http://apache.org/cocoon/include/1.0" xmlns:zs="http://www.loc.gov/zing/srw/">
  <leader>00521cz  a2200133n  4500</leader>
  <controlfield tag="001">n  82102678 </controlfield>
  <controlfield tag="003">DLC</controlfield>
  <controlfield tag="005">20141208110345.0</controlfield>
  <controlfield tag="008">820809n| azannaab           |a ana      </controlfield>
  <datafield tag="010" ind1=" " ind2=" ">
    <subfield code="a">n  82102678 </subfield>
  </datafield>
  <datafield tag="040" ind1=" " ind2=" ">
    <subfield code="a">DLC</subfield>
    <subfield code="b">eng</subfield>
    <subfield code="e">rda</subfield>
    <subfield code="c">DLC</subfield>
    <subfield code="d">DLC</subfield>
  </datafield>
  <datafield tag="110" ind1="1" ind2=" ">
    <subfield code="a">Italy.</subfield>
    <subfield code="t">Legge 1 aprile 1981,</subfield>
    <subfield code="n">n. 121</subfield>
  </datafield>
  <datafield tag="410" ind1="1" ind2="0">
    <subfield code="a">Italy.</subfield>
    <subfield code="t">Nuovo ordinamento dell'Amministrazione della pubblica sicurezza</subfield>
  </datafield>
  <datafield tag="670" ind1=" " ind2=" ">
    <subfield code="a">Luzzi, A. La polizia di Stato, 1981 (a.e.)</subfield>
    <subfield code="b">p. 123 (Legge 1 aprile 1981, n. 121, nuovo ordinamento dell'Amministrazione della pubblica sicurezza)</subfield>
  </datafield>
</record>